@book{ klingner1959,
    author = {Friedrich Klinger},
    title = {Horatius \textit{{O}pera}},
    publisher = {Walter de Gruyter},
    year = 2008,
    address = {Berlin}
}

@book{ mayer2012,
    author = {Roland Mayer},
    title = {Horace \textit{{O}des} {B}ook I},
    publisher = {Cambridge University Press},
    year = 2012,
    address = {Cambridge}
}

@book{ mahoney2001,
    author = {Anne Mahoney},
    title = {Allen and {G}reenough's {N}ew {L}atin {G}rammar},
    publisher = {Focus Publishing},
    year = 2001,
    address = {Newburyport, MA}
}

@book{ nh1989,
    author = {R. G. M. Nisbet and Margaret Hubbard},
    title = {A {C}ommentary on {H}orace \textit{{O}des} {B}ook I},
    publisher = {Oxford University Press},
    year = 1989,
    address = {Oxford}
}

@book{ old1982,
    editor = {P. W. Glare and others},
    title = {Oxford {L}atin {D}ictionary},
    publisher = {Oxford University Press},
    year = 1982,
    address = {Oxford}
}

@book{ sb1985,
    author = {D. B. Shackleton-Bailey},
    title = {Horatius \textit{{O}pera}},
    publisher = {Teubner},
    year = 1985,
    address = {Stuttgart}
}

@incollection{ williams1995,
    author = {Gordon Williams},
    title = {\textit{Libertino {P}atre {N}atus}: {T}rue or {F}alse?},
    booktitle = {Homage to Horace},
    pages = {296--313},
    crossref = {harrison1995}
}

@book{ harrison1995,
    author = {S. J. Harrison},
    title = {Homage to {H}orace},
    publisher = {Oxford University Press},
    year = 1995,
    address = {Oxford}
}
