@book{ gaskin2013,
    author = {Richard Gaskin},
    title = {Horace and {H}ousman},
    publisher = {Palgrave Macmillan},
    year = 2013,
    address = {New York, NY}
}

@book{ griffin1983,
    author = {Jasper Griffin},
    title = {Homer on {L}ife and {D}eath},
    publisher = {Oxford University Press},
    year = 1983,
    address = {Oxford}
}

@book{ macleod1982,
    author = {C. W. Macleod},
    title = {Homer \textit{{I}liad} Book XXIV},
    publisher = {Cambridge University Press},
    year = 1982,
    address = {Cambridge}
}

@book{ mankin1995,
    author = {David Mankin},
    title = {Horace \textit{{E}podes}},
    publisher = {Cambridge University Press},
    year = 1995,
    address = {Cambridge}
}

@book{ mahoney2001,
    author = {Anne Mahoney},
    title = {Allen and {G}reenough's {N}ew {L}atin {G}rammar},
    publisher = {Focus Publishing},
    year = 2001,
    address = {Newburyport, MA}
}

@book{ nh1989,
    author = {R. G. M. Nisbet and Margaret Hubbard},
    title = {A {C}ommentary on {H}orace \textit{{O}des} {B}ook I},
    publisher = {Oxford University Press},
    year = 1989,
    address = {Oxford}
}

@book{ sb1985,
    author = {D. B. Shackleton-Bailey},
    title = {Horatius \textit{{O}pera}},
    publisher = {Teubner},
    year = 1985,
    address = {Stuttgart}
}
