@book{ gaskin2013,
    author = {Richard Gaskin},
    title = {Horace and {H}ousman},
    publisher = {Palgrave Macmillan},
    year = 2013,
    address = {New York, NY}
}

@book{ griffin1983,
    author = {Jasper Griffin},
    title = {Homer on {L}ife and {D}eath},
    publisher = {Oxford University Press},
    year = 1983,
    address = {Oxford}
}

@article{ kilpatrick1970,
    author = {Ross S. Kilpatrick},
    title = {An {I}nterpretation of {H}orace, {E}podes 13},
    journal = {Classical Quarterly},
    year = 1970,
    volume = 20,
    number = 1,
    pages = {135--141}
}

@article{ lowrie1992,
    author = {Mich√®le Lowrie},
    title = {A {S}ympotic {A}chilles, {H}orace {E}pode 13},
    journal = {The American Journal of Philology},
    year = 1992,
    volume = 113,
    number = 3,
    pages = {413--433}
}

@book{ macleod1982,
    author = {C. W. Macleod},
    title = {Homer \textit{{I}liad} Book XXIV},
    publisher = {Cambridge University Press},
    year = 1982,
    address = {Cambridge}
}

@book{ mankin1995,
    author = {David Mankin},
    title = {Horace \textit{{E}podes}},
    publisher = {Cambridge University Press},
    year = 1995,
    address = {Cambridge}
}

@book{ mahoney2001,
    author = {Anne Mahoney},
    title = {Allen and {G}reenough's {N}ew {L}atin {G}rammar},
    publisher = {Focus Publishing},
    year = 2001,
    address = {Newburyport, MA}
}

@book{ nh1989,
    author = {R. G. M. Nisbet and Margaret Hubbard},
    title = {A {C}ommentary on {H}orace \textit{{O}des} {B}ook I},
    publisher = {Oxford University Press},
    year = 1989,
    address = {Oxford}
}

@book{ old1982,
    editor = {P. W. Glare and others},
    title = {Oxford {L}atin {D}ictionary},
    publisher = {Oxford University Press},
    year = 1982,
    address = {Oxford}
}

@book{ sb1985,
    author = {D. B. Shackleton-Bailey},
    title = {Horatius \textit{{O}pera}},
    publisher = {Teubner},
    year = 1985,
    address = {Stuttgart}
}

@book{ watson2003,
    author = {Lindsay Watson},
    title = {A {C}ommentary on {H}orace's {E}podes},
    publisher = {Oxford University Press},
    year = 2003,
    address = {Oxford}
}

@incollection{ williams1995,
    author = {Gordon Williams},
    title = {\textit{Libertino {P}atre {N}atus}: {T}rue or {F}alse?},
    booktitle = {Homage to Horace},
    pages = {296--313},
    crossref = {harrison1995}
}

@book{ harrison1995,
    author = {S. J. Harrison},
    title = {Homage to {H}orace},
    publisher = {Oxford University Press},
    year = 1995,
    address = {Oxford}
}
