@book{ goold1990,
    author = {G.P. Goold},
    title = {Propertius \textit{Elegies}},
    series = {Loeb {C}lassical {L}ibrary},
    publisher = {Harvard University Press},
    year = 1990,
    address = {Cambridge, MA}
}

@book{ mahoney2001,
    author = {Anne Mahoney},
    title = {Allen and {G}reenough's {N}ew {L}atin {G}rammar},
    publisher = {Focus Publishing},
    year = 2001,
    address = {Newburyport, MA}
}

@book{ old1982,
    editor = {P. W. Glare and others},
    title = {Oxford {L}atin {D}ictionary},
    publisher = {Oxford University Press},
    year = 1982,
    address = {Oxford}
}
