@book{ owen1915,
    editor = {S. G. Owen},
    title = {Ovidi {T}ristia {I}bis {E}x {P}onto {H}alieutica {F}ragmenta},
    publisher = {Oxford University Press},
    year = 1915,
    address = {Oxford}
}

@book{ hall1998,
    editor = {John B. Hall},
    title = {Tristia},
    publisher = {Teubner},
    year = 1998,
    address = {Stuttgart}
}
